@article{leong2018biodiversity,
  title={Biodiversity and socioeconomics in the city: a review of the luxury effect},
  author={Leong, Misha and Dunn, Robert R and Trautwein, Michelle D},
  journal={Biology Letters},
  volume={14},
  number={5},
  pages={20180082},
  year={2018},
  publisher={The Royal Society}
}

@article{schell2020ecological,
  title={The ecological and evolutionary consequences of systemic racism in urban environments},
  author={Schell, Christopher J and Dyson, Karen and Fuentes, Tracy L and Des Roches, Simone and Harris, Nyeema C and Miller, Danica Sterud and Woelfle-Erskine, Cleo A and Lambert, Max R},
  journal={Science},
  volume={369},
  number={6510},
  pages={eaay4497},
  year={2020},
  publisher={American Association for the Advancement of Science}
}

@article{locke2021residential,
  title={Residential housing segregation and urban tree canopy in 37 US Cities},
  author={Locke, Dexter H and Hall, Billy and Grove, J Morgan and Pickett, Steward TA and Ogden, Laura A and Aoki, Carissa and Boone, Christopher G and O’Neil-Dunne, Jarlath PM},
  journal={npj urban sustainability},
  volume={1},
  number={1},
  pages={15},
  year={2021},
  publisher={Nature Publishing Group UK London}
}

@misc{burghardt2023current,
  title={Current street tree communities reflect race-based housing policy and modern attempts to remedy environmental injustice},
  author={Burghardt, Karin T and Avolio, Meghan L and Locke, Dexter H and Grove, J Morgan and Sonti, Nancy F and Swan, Christopher M},
  year={2023},
  publisher={Wiley Online Library}
}

@misc{udp2021,
author = {Chapple, K and Thomas, T and Zuk, M},
title = {Urban Displacement Project website},
year = 2021,
url = {https://www.urbandisplacement.org/},
urldate = {2023-03-12}
}

@article{magle2021wealth,
  title={Wealth and urbanization shape medium and large terrestrial mammal communities},
  author={Magle, Seth B and Fidino, Mason and Sander, Heather A and Rohnke, Adam T and Larson, Kelli L and Gallo, Travis and Kay, Cria AM and Lehrer, Elizabeth W and Murray, Maureen H and Adalsteinsson, Solny A and others},
  journal={Global change biology},
  volume={27},
  number={21},
  pages={5446--5459},
  year={2021},
  publisher={Wiley Online Library}
}

@article{anguelovski2022green,
  title={Green gentrification in European and North American cities},
  author={Anguelovski, Isabelle and Connolly, James JT and Cole, Helen and Garcia-Lamarca, Melissa and Triguero-Mas, Margarita and Bar{\'o}, Francesc and Martin, Nicholas and Conesa, David and Shokry, Galia and Del Pulgar, Carmen P{\'e}rez and others},
  journal={Nature communications},
  volume={13},
  number={1},
  pages={3816},
  year={2022},
  publisher={Nature Publishing Group UK London}
}

@article{triguero2022exploring,
  title={Exploring green gentrification in 28 global North cities: the role of urban parks and other types of greenspaces},
  author={Triguero-Mas, Margarita and Anguelovski, Isabelle and Connolly, James JT and Martin, Nick and Matheney, Austin and Cole, Helen VS and P{\'e}rez-Del-Pulgar, Carmen and Garc{\'\i}a-Lamarca, Melissa and Shokry, Galia and Arg{\"u}elles, Luc{\'\i}a and others},
  journal={Environmental research letters},
  volume={17},
  number={10},
  pages={104035},
  year={2022},
  publisher={IOP Publishing}
}

@article{wolch2014urban,
  title={Urban green space, public health, and environmental justice: The challenge of making cities ‘just green enough’},
  author={Wolch, Jennifer R and Byrne, Jason and Newell, Joshua P},
  journal={Landscape and urban planning},
  volume={125},
  pages={234--244},
  year={2014},
  publisher={Elsevier}
}

@article{hubbard2021animals,
  title={Animals and urban gentrification: Displacement and injustice in the trans-species city},
  author={Hubbard, Phil and Brooks, Andrew},
  journal={Progress in Human Geography},
  volume={45},
  number={6},
  pages={1490--1511},
  year={2021},
  publisher={SAGE Publications Sage UK: London, England}
}

@article{murray2022one,
  title={One Health for All: Advancing Human and Ecosystem Health in Cities by Integrating an Environmental Justice Lens},
  author={Murray, Maureen H and Buckley, Jacqueline and Byers, Kaylee A and Fake, Kimberly and Lehrer, Elizabeth W and Magle, Seth B and Stone, Christopher and Tuten, Holly and Schell, Christopher J},
  journal={Annual Review of Ecology, Evolution, and Systematics},
  volume={53},
  pages={403--426},
  year={2022},
  publisher={Annual Reviews}
}